
@article{baazim2022interplay,
  title={The interplay of immunology and cachexia in infection and cancer},
  author={Baazim, Hatoon and Antonio-Herrera, Laura and Bergthaler, Andreas},
  journal={Nature Reviews Immunology},
  volume={22},
  number={5},
  pages={309--321},
  year={2022},
  publisher={Nature Publishing Group}
}
